
@misc {OverleafBibliographyManagement,
   url = {https://www.overleaf.com/learn/latex/Bibliography_management_with_bibtex},
   year = {2025},
   title = {Bibliography Management with bibtex},
   author = {Overleaf},
   note = {accessed 2025-02-11},
}


@misc {WikipediaBibtex,
   url = {https://en.wikipedia.org/wiki/BibTeX},
   year = {2025},
   title = {BibTeX},
   author = {Wikipedia},
   note = {accessed 2025-02-11},
}

@article{JournalArticle,
    author = {Richard Smith},
    title = {Peer review: a flawed process at the heart of science and journals},
    journal = {Journal of the Royal Society of Medicine},
    year = {2006}
}

@conference{ConferenceArticle,
    author = {Zsolt Gazdag},
    booktitle = {The 16th International Conference on Automata and Formal Languages},
    title = {Proceedings of the 16th International Conference on Automata and Formal Languages},
    year = {2023}
}

@phdthesis{PHDThesis,
    author = {JP Pollex},
    title = {The idea of conquest in early modern British political discourse},
    school = {University of Oxford},
    year = {2018}
}

@article{NewspaperArticle,
    author = {Martin Baron},
    title = {Where Jeff Bezos Went Wrong With The Washington Post},
    journal = {The Atlantic},
    year = {2025}
}

@book{Book,
    author = {Jeffrey Berman},
    title = {Dying in Character: Memoirs on the End of Life},
    publisher = {University of Massachusetts Press},
    year = {2012}
}

@inbook{BookChapter,
    author = {Nicholas Watson},
    title = {Balaam's Ass: Vernacular Theology Before the English Reformation: Volume 1: Frameworks, Arguments, English to 1250},
    publisher = {University of Pennsylvania Press},
    year = {2022},
    chapter = {Chapter 11 Old English in the Long Twelfth Century}
}

@misc{YoutubeVideo,
   url = {https://www.youtube.com/watch?v=5MgBikgcWnY},
   year = {2013},
   title = {The first 20 hours -- how to learn anything | Josh Kaufman | TEDxCSU},
   author = {TEDx Talks},
}

@misc{JavaDocumentation,
    url = {https://docs.oracle.com/javase/8/docs/technotes/tools/windows/javadoc.html},
   year = {2025},
   title = {javadoc},
    key = {Oracle}
}